<record><leader>00000cas a22000007a 4500</leader><controlfield tag="001">18391022</controlfield><controlfield tag="008">880823c19089999aruwr ne      0    0eng d</controlfield><datafield ind1=" " ind2=" " tag="010"><subfield code="a">sn 88051067 </subfield></datafield><datafield ind1=" " ind2=" " tag="040"><subfield code="a">ANU</subfield><subfield code="b">eng</subfield><subfield code="c">ANU</subfield><subfield code="d">OCLCQ</subfield></datafield><datafield ind1=" " ind2=" " tag="042"><subfield code="a">msc</subfield></datafield><datafield ind1=" " ind2=" " tag="043"><subfield code="a">n-us-ar</subfield></datafield><datafield ind1="0" ind2="4" tag="245"><subfield code="a">The Gravette news-herald.</subfield></datafield><datafield ind1=" " ind2=" " tag="260"><subfield code="a">Gravette, Benton County, Ark. :</subfield><subfield code="b">Herb Lewis</subfield></datafield><datafield ind1=" " ind2=" " tag="300"><subfield code="a">v.</subfield></datafield><datafield ind1=" " ind2=" " tag="310"><subfield code="a">Weekly</subfield></datafield><datafield ind1="0" ind2=" " tag="362"><subfield code="a">Vol. 15, no. 15 (Dec. 18, 1908)-v. 20, no. 17 (Dec. 26, 1913) ; 20th year, no. 18 (Jan 2, 1914)-</subfield></datafield><datafield ind1=" " ind2=" " tag="500"><subfield code="a">Published as: Gravette news herald, Apr. 2, 1909-</subfield></datafield><datafield ind1=" " ind2=" " tag="515"><subfield code="a">Numbering is irregular.</subfield></datafield><datafield ind1=" " ind2="0" tag="651"><subfield code="a">Gravette (Ark.)</subfield><subfield code="v">Newspapers.</subfield></datafield><datafield ind1=" " ind2=" " tag="752"><subfield code="a">United States</subfield><subfield code="b">Arkansas</subfield><subfield code="c">Benton</subfield><subfield code="d">Gravette.</subfield></datafield><datafield ind1="0" ind2="0" tag="780"><subfield code="t">Gravett news</subfield><subfield code="w">(DLC)sn 83025454</subfield></datafield></record>